<?xml version="1.0" encoding="UTF-8"?><collection xmlns="http://www.loc.gov/MARC21/slim"><record><leader>00425nam--2200145-i-4500</leader><controlfield tag="001">000014157</controlfield><controlfield tag="002">20161230</controlfield><controlfield tag="005">20170210015433</controlfield><controlfield tag="008">060222s1000------------r-----000-0-eng-d</controlfield><datafield ind1=" " ind2=" " tag="245"><subfield code="a">Tehnologia repararii si intretinerii utilajelor electromagnetice</subfield></datafield><datafield ind1=" " ind2=" " tag="260"><subfield code="a">Bucuresti</subfield><subfield code="b">Ed.Didactica Si Pedagogica</subfield><subfield code="c">1982</subfield></datafield><datafield ind1=" " ind2=" " tag="300"><subfield code="a">416 p</subfield></datafield><datafield ind1=" " ind2=" " tag="700"><subfield code="a">Cruceru, Constantin</subfield></datafield><datafield ind1=" " ind2=" " tag="852"><subfield code="a">621.317(075.8):658.562</subfield></datafield><datafield ind1=" " ind2=" " tag="CAT"><subfield code="a">SYS</subfield><subfield code="c">20170210</subfield><subfield code="h">015433</subfield></datafield></record></collection>